@article{Cita1,
 author = {Ahmad Muklason and Gusti Bagus Syahrani and Ahsanul Marom},
 title = {Great Deluge Based Hyper-heuristics for Solving Real-world University Examination Timetabling Problem: New Data set and Approach},
 journal = {Procedia Computer Science},
 year = {2019},
 volume = {161},
 number = {},
 pages = {647 -- 655},
}

@article{Cita2,
 author = {Gert Woumans, Liesje De Boeck, Jeroen Beliën, Stefan Creemers},
 title = {A column generation approach for solving the examination-timetabling problem},
 journal = {European Journal of Operational Research},
 year = {2016},
 volume = {253},
 number = {},
 pages = {178 -- 194},
}

@article{Cita3,
 author = {Schaerf, A.},
 title = {A Survey of Automated Timetabling},
 journal = {Artificial Intelligence Review},
 year = {1999},
 volume = {13},
 number = {2},
 pages = {87 -- 127},
}

@article{Cita4,
 author = {Welsh, D. J. A. and Powell, M. B.},
 title = {An upper bound for the chromatic number of a graph and its application to timetabling problems},
 journal = {The Computer Journal},
 year = {1967},
 volume = {10},
 number = {1},
 pages = {85 -- 86},
}

@article{Cita5,
 author = {Qu, R. and Burke, E. K. and McCollum, B. and Merlot, L. T. G. and Lee, S. Y.},
 title = {A survey of search methodologies and automated system development for examination timetabling},
 journal = {Journal of Scheduling},
 year = {2009},
 volume = {12},
 number = {1},
 pages = {55 -- 89},
}

@article{Cita6,
 author = {Sylvain Desroches and Gilbert Laporte and Jean-Marc Rousseau},
 title = {Horex: A Computer Program For The Construction Of Examination Schedules},
 journal = {INFOR: Information Systems and Operational Research},
 year = {1978},
 volume = {16},
 number = {3},
 pages = {294 -- 298},
}

@article{Cita7,
 author = {Broder, Sol},
 title = {Final Examination Scheduling},
 journal = {Commun. ACM},
 year = {1964},
 volume = {7},
 number = {8},
 pages = {494 -- 498},
}

@article{Cita8,
 author = {Cole, A. J.},
 title = {The preparation of examination time-tables using a small-store computer},
 journal = {The Computer Journal},
 year = {1964},
 volume = {7},
 number = {2},
 pages = {117 -- 121},
}

@article{Cita9,
 author = {Peck, J. E. L. and Williams, M. R.},
 title = {Algorithm 286: Examination Scheduling},
 journal = {Commun. ACM},
 year = {1966},
 volume = {9},
 number = {6},
 pages = {433 -- 434},
}

@article{Cita10,
 author = {Wood, D. C.},
 title = {A system for computing university examination timetables},
 journal = {The Computer Journal},
 year = {1968},
 volume = {11},
 number = {1},
 pages = {41 -- 47},
}

@article{Cita11,
 author = {Sylvain Desroches and Gilbert Laporte and Jean-Marc Rousseau},
 title = {Horex: A Computer Program For The Construction Of Examination Schedules},
 journal = {Information Systems and Operational Research},
 year = {1978},
 volume = {16},
 number = {3},
 pages = {294 -- 298},
}

@article{Cita12,
 author = {George White and Pak–Wah Chan},
 title = {Towards The Construction Of Optimal Examination Schedules},
 journal = {Information Systems and Operational Research},
 year = {1979},
 volume = {17},
 number = {3},
 pages = {219 -- 229},
}

@article{Cita13,
 author = {Gilbert Laporte and Sylvain Desroches},
 title = {Examination timetabling by computer},
 journal = {Computers \& Operations Research},
 year = {1984},
 volume = {11},
 number = {4},
 pages = {351 -- 360},
}

@article{Cita14,
 author = {Michael W. Carter},
 title = {A Survey of Practical Applications of Examination Timetabling Algorithms},
 journal = {Computers \& Operations Research},
 year = {1986},
 volume = {34},
 number = {2},
 pages = {193 -- 202},
}

@article{Cita15,
 author = {Michael W. Carter and Gilbert Laporte and Sau Yan Lee},
 title = {Examination Timetabling: Algorithmic Strategies and Applications},
 journal = {The Journal of the Operational Research Society},
 year = {1996},
 volume = {47},
 number = {3},
 pages = {373 -- 383},
}

@article{Cita16,
 author = {Tiago Januario, Sebastián Urrutia, Celso C. Ribeiro, Dominique de Werra},
 title = {Edge coloring: A natural model for sports scheduling},
 journal = {European Journal of Operational Research},
 year = {2016},
 volume = {254},
 number = {},
 pages = {1 -- 8},
}

@article{Cita17,
 author = {Burke, Edmund, Erben, Wilhelm},
 title = {Practice and Theory of Automated Timetabling III},
 journal = {Springer},
 year = {2000},
 volume = {1},
 number = {},
 pages = {18 -- 27},
}

@article{Cita18,
 author = {Jonathan M. Thompson and Kathryn A. Dowsland},
 title = {A robust simulated annealing based examination timetabling system},
 journal = {Computers \& Operations Research},
 year = {1998},
 volume = {25},
 number = {7},
 pages = {637 -- 648},
}

@article{Cita19,
 author = {Merlot, Liam T. G.and Boland, Natashia and Hughes, Barry D. and Stuckey, Peter J.},
 title = {Practice and Theory of Automated Timetabling IV},
 journal = {Springer},
 year = {2003},
 volume = {1},
 number = {0},
 pages = {207 -- 231},
}

@article{Cita20,
 author = {David, Philippe},
 title = {Practice and Theory of Automated Timetabling II},
 journal = {Springer},
 year = {2003},
 volume = {1},
 number = {},
 pages = {169 -- 186},
}

@article{Cita21,
 author = {K. A. Dowsland and J. M. Thompson},
 title = {Ant Colony Optimization for the Examination Scheduling Problem},
 journal = {Operational Research Society
Palgrave Macmillan Journals},
 year = {2015},
 volume = {56},
 number = {4},
 pages = {426 -- 438},
}

@article{Cita22,
 author = {N. Pillay, W. Banzhaf},
 title = {An informed genetic algorithm for the examination timetabling problem},
 journal = {ELSEVIER},
 year = {2009},
 volume = {10},
 number = {},
 pages = {457 -- 467},
}

@article{Cita23,
 author = {Leena N. Ahmed, Ender Özcan, Ahmed Kheiri},
 title = {Solving high school timetabling problems worldwide using selection
hyper-heuristics},
 journal = {ELSEVIER},
 year = {2015},
 volume = {42},
 number = {},
 pages = {5463 -- 5471},
}

@article{Cita24,
 author = {Mouelhi, Achref and Jegou, Philippe and Terrioux, Cyril and Zanuttini, Bruno},
 title = {Solving high school timetabling problems worldwide using selection
hyper-heuristics},
 journal = {International Symposium on Artificial Intelligence and Mathematics},
 year = {2012},
 volume = {1},
 number = {},
 pages = {1 -- 8},
}

@article{Cita25,
 author = {Michael Garland, Scott Le Grand, John Nickolls, Joshua Anderson, Jim Hardwick, Scott Morton, Everett Phillips, Yao Zhang, Vasily Volkov},
 title = {Parallel Computing Experiences with CUDA},
 journal = {IEEE},
 year = {2008},
 volume = {28},
 number = {4},
 pages = {13 -- 27},
}